<record><leader>00000cas a22000007a 4500</leader><controlfield tag="001">12541025</controlfield><controlfield tag="008">850912d18951897iauwr ne      0    0eng d</controlfield><datafield ind1=" " ind2=" " tag="010"><subfield code="a">sn 85049786 </subfield></datafield><datafield ind1=" " ind2=" " tag="040"><subfield code="a">INP</subfield><subfield code="b">eng</subfield><subfield code="c">INP</subfield><subfield code="d">OCLCQ</subfield></datafield><datafield ind1=" " ind2=" " tag="042"><subfield code="a">msc</subfield></datafield><datafield ind1="0" ind2=" " tag="130"><subfield code="a">Weekly sun (Ottumwa, Iowa)</subfield></datafield><datafield ind1="1" ind2="4" tag="245"><subfield code="a">The weekly sun.</subfield></datafield><datafield ind1=" " ind2=" " tag="260"><subfield code="a">Ottumwa, Iowa :</subfield><subfield code="b">[s.n.],</subfield><subfield code="c">1895-1897.</subfield></datafield><datafield ind1=" " ind2=" " tag="300"><subfield code="a">4 v. :</subfield><subfield code="b">ill.</subfield></datafield><datafield ind1=" " ind2=" " tag="310"><subfield code="a">Weekly</subfield></datafield><datafield ind1="0" ind2=" " tag="362"><subfield code="a">Vol. 5, no. 37 (Feb. 16, 1895)-v. 8, no. 7 (July 17, 1897).</subfield></datafield><datafield ind1=" " ind2=" " tag="500"><subfield code="a">Editor: S.B. Evans.</subfield></datafield><datafield ind1=" " ind2=" " tag="752"><subfield code="a">United States</subfield><subfield code="b">Iowa</subfield><subfield code="c">Wapello</subfield><subfield code="d">Ottumwa.</subfield></datafield><datafield ind1="0" ind2="0" tag="780"><subfield code="t">Sun (Ottumwa, Iowa)</subfield><subfield code="w">(DLC)sn 85049785</subfield></datafield><datafield ind1="0" ind2="4" tag="785"><subfield code="t">Ottumwa weekly Democrat</subfield><subfield code="w">(DLC)sn 86063102</subfield></datafield><datafield ind1="1" ind2=" " tag="029"><subfield code="a">AU@</subfield><subfield code="b">000025784899</subfield></datafield></record>